@book{giancoli,
  title={Physics: principles with applications},
  author={Giancoli, Douglas C},
  volume={1},
  year={2005},
  publisher={Pearson Educaci{\'o}n}
}

@MISC{StudySmarter,
  title        = "Emisi{\'o}n termoi{\'o}nica",
  booktitle    = "{StudySmarter} {ES}",
  howpublished = "\url{https://www.studysmarter.es/resumenes/fisica/fisica-siglo-xx/emision-termoionica/}",
  note         = "accedido: 2023-9-9",
  language     = "es"
}

@article{forsythe1925properties,
  title={The properties of tungsten and the characteristics of tungsten lamps},
  author={Forsythe, William Elmer and Worthing, AG},
  journal={Astrophysical Journal, vol. 61, p. 146},
  volume={61},
  pages={146},
  year={1925}
}

@article{lamps,
  title={Publication Number TP-110},
  author={Lamps, Incandescent},
  journal={General Electric Company, Nela Park, Cleveland, OH (l964) pg},
  volume={3},
  year={1964}
}

@article{nacional,
author = {María, Alejandra and Gonzalez, Juan and Ospina, Nestar},
year = {2019},
month = {08},
pages = {},
title = {Obtención de la función trabajo de la emisión termoiónica de un filamento}
}
