@book{giancoli,
  title={Physics: principles with applications},
  author={Giancoli, Douglas C},
  volume={1},
  year={2005},
  publisher={Pearson Educaci{\'o}n}
}

@book{montiel2015física,
  title={F{\'\i}sica General},
  author={Montiel, H.P.},
  isbn={9786077442813},
  url={https://books.google.co.ve/books?id=ZdNUCwAAQBAJ},
  year={2015},
  publisher={Larousse - Grupo Editorial Patria}
}

@article{calorLatente,
  title={PUNTOS DE FUSIóN Y EBULLICIóN CALOR LATENTE},
  journal={Ciclo Formativo: Laboratorio de Análisis y Control de Calidad},
  year={2015},
  publisher={GS – ENSAYOS FÍSICO-QUÍMICOS},
  url={https://laboratoriosuperior.files.wordpress.com/2015/10/tema-7-puntos-de-fusic3b3n-y-ebullicic3b3n-calor-latente.pdf},
}
