@book{giancoli,
  title={Physics: principles with applications},
  author={Giancoli, Douglas C},
  volume={1},
  year={2005},
  publisher={Pearson Educaci{\'o}n}
}

@article{termal,
  title={An undergraduate experiment on thermal properties},
  author={Panayotova, Sasha},
  journal={European Journal of Physics},
  volume={8},
  number={4},
  pages={308},
  year={1987},
  publisher={IOP Publishing}
}

@book{montiel2015física,
  title={F{\'\i}sica General},
  author={Montiel, H.P.},
  isbn={9786077442813},
  url={https://books.google.co.ve/books?id=ZdNUCwAAQBAJ},
  year={2015},
  publisher={Larousse - Grupo Editorial Patria}
}

@book{ExperimentoJoule,
  title={Experimento de Joule. Equivalente mecánico del calor},
  author={sc.ehu.es},
  isbn={},
  url={http://www.sc.ehu.es/sbweb/fisica/estadistica/otros/joule/joule.htm},
  year={2015},
  publisher={sitio web}
}





